<?xml version="1.0" encoding="UTF-8"?><collection xmlns="http://www.loc.gov/MARC21/slim"><record><leader>00581nam--2200181-i-4500</leader><controlfield tag="001">000010727</controlfield><controlfield tag="002">20161230</controlfield><controlfield tag="005">20161230201028</controlfield><controlfield tag="008">060222s1000------------r-----000-0-fre-d</controlfield><datafield ind1=" " ind2=" " tag="040"><subfield code="a">IFIN-HH</subfield></datafield><datafield ind1=" " ind2=" " tag="041"><subfield code="a">fre</subfield></datafield><datafield ind1=" " ind2=" " tag="080"><subfield code="a">539.1.074.8:015:539.125.5.164.07</subfield></datafield><datafield ind1="1" ind2=" " tag="100"><subfield code="a">Bugnone, Christiane</subfield></datafield><datafield ind1="1" ind2="0" tag="245"><subfield code="a">Un nouveau spectrometre mecanique a neutrons thermique. etude. essais. premiers resultats</subfield><subfield code="b">These</subfield><subfield code="c">Christiane bugnone</subfield></datafield><datafield ind1=" " ind2=" " tag="260"><subfield code="a">Grenoble</subfield><subfield code="b">L'Universite Scientifique Et Medicale</subfield><subfield code="c">1971</subfield></datafield><datafield ind1=" " ind2=" " tag="300"><subfield code="a">64 P</subfield></datafield><datafield ind1=" " ind2=" " tag="852"><subfield code="a">39009</subfield><subfield code="c">539.1.07:539.1.08</subfield></datafield><datafield ind1=" " ind2=" " tag="CAT"><subfield code="a">Sys</subfield><subfield code="c">20111025</subfield><subfield code="h">143146</subfield></datafield></record></collection>